@book{russell2021artificial,
   title =     {Artificial Intelligence: A Modern Approach, 4th Edition},
   author =    {Russell, Stuart and Norvig, Peter},
   publisher = {Pearson Education},
   year =      {2021},
}
